@misc{Abelectronicsa,
    title = {{ADC Pi - ADC converter for the Raspberry Pi}},
    author = {{ABElectronics}},
    url = {https://www.abelectronics.co.uk/p/69/adc-pi-raspberry-pi-analogue-to-digital-converter https://www.abelectronics.co.uk/p/69/adc-pi-raspberry-pi-analogue-to-digital-converter#code}
}

@misc{Abelectronics,
    title = {{C Library and Demos for the Raspberry Pi}},
    author = {{ABElectronics}},
    url = {https://www.abelectronics.co.uk/kb/article/33/c-library-and-demos}
}

@misc{Beis2009,
    title = {{Design and Dimensioning of Active Filters}},
    year = {2009},
    author = {Beis, Uwe},
    url = {https://www.beis.de/Elektronik/Filter/Filter.html http://www.beis.de/Elektronik/Filter/Filter.html}
}

@article{ADCMFBTI,
    title = {{Design Methodology for MFB Filters in ADC Interface Applications}},
    year = {2006},
    journal = {Application Report, Texas Instruments},
    author = {Steffes, Michael},
    number = {February},
    pages = {1--32},
    url = {http://www.ti.com/lit/an/sboa114/sboa114.pdf}
}

@techreport{L298Data,
    title = {{DUAL FULL-BRIDGE DRIVER}},
    year = {2000},
    author = {{STMicroelectronics}},
    keywords = {Datasheet, L298}
}

@misc{MATLabDocCCode,
    title = {{Generate C and C++ code from MATLAB code}},
    year = {2019},
    author = {{MATLAB}},
    url = {https://www.mathworks.com/help/dsp/ug/generate-c-code-from-matlab-code-1.html}
}

@incollection{IEEE802.11,
    title = {{IEEE 802.11}},
    year = {2020},
    booktitle = {Encyclopedia of Wireless Networks},
    pages = {583--583},
    publisher = {Springer International Publishing},
    doi = {10.1007/978-3-319-78262-1{\_}300001}
}

@book{Hayes2016,
    title = {{Learning the Art of Electronics: a hands-on lab course}},
    year = {2016},
    author = {Hayes, Thomas C and Horowitz, Paul},
    publisher = {Cambridge University Press},
    url = {https://cds.cern.ch/record/2126969},
    address = {Cambridge}
}

@book{LinuxDrivers,
    title = {{Linux Device Drivers, 3rd Edition}},
    year = {2005},
    author = {Corbet, Jonathan and Rubini, Alessandro and Kroah-Hartman, Greg},
    publisher = {O'Reilly Media, Inc.},
    isbn = {0596005903}
}

@misc{LM78xxData,
    title = {{LM78xx}},
    year = {2014},
    booktitle = {Fairchild},
    author = {{Fairchild}},
    month = {9},
    url = {http://www.farnell.com/datasheets/2298694.pdf}
}

@misc{MCE4500Datasheet,
    title = {{MCE-4500}},
    author = {{MONACOR}},
    url = {https://www.monacor.com/products/components/energy-measuring-and-diy/diy--/mce-4500/}
}

@article{MCP3008Data,
    title = {{MCP3004/3008}},
    year = {2008},
    journal = {Mcp3004/3008},
    author = {{Microchip Technology Incorporate}},
    pages = {40},
    volume = {DS21295D},
    url = {https://cdn-shop.adafruit.com/datasheets/MCP3008.pdf},
    keywords = {10-Bit, 2.7V, MCP3004, MCP3008, SPI, Serial Interf}
}

@article{OPA344Data,
    title = {{Micro Amplifier ™ Series}},
    year = {2008},
    author = {{Texas Instruments}},
    url = {http://www.ti.com/lit/ds/symlink/opa4344.pdf}
}

@article{NE5532Data,
    title = {{NE5532x, SA5532x Dual Low-Noise Operational Amplifiers}},
    year = {2015},
    author = {{Texas Instruments} and Information, Device},
    month = {1},
    url = {https://www.ti.com/lit/ds/symlink/ne5532.pdf}
}

@misc{Abelectronicsb,
    title = {{Sample Rates for ADC Pi and ADC Differential Pi}},
    author = {{ABElectronics}},
    url = {https://www.abelectronics.co.uk/kb/article/1047/adc-sample-rate-comparison}
}

@book{nahvi2018schaum,
    title = {{Schaum's Outline of Electromagnetics, Fifth Edition}},
    year = {2018},
    author = {Nahvi, M and Edminister, J},
    publisher = {McGraw-Hill Education},
    url = {https://books.google.dk/books?id=SDpuDwAAQBAJ},
    isbn = {9781260120981}
}

@techreport{DM1-03P-30-3Data,
    title = {{Sub-miniature Snap Action Switch-DM1 Series Specifications Electrical Specifications For PCB Terminal 3-{\O}1.2 hole COM NO NC}},
    year = {2020},
    author = {{multicomp PRO}},
    url = {http://www.farnell.com/datasheets/2945636.pdf?_ga=2.77199701.1373532560.1603446242-1496789811.1603446242}
}

@book{Horowitz2015,
    title = {{The art of electronics}},
    year = {2015},
    author = {Horowitz, Paul and Hill, Winfield},
    edition = {3rd},
    publisher = {Cambridge University Press},
    url = {https://cds.cern.ch/record/1981307},
    address = {Cambridge}
}

@book{Horowitz2016,
    title = {{The Art of Electronics: the X chapters}},
    year = {2016},
    author = {Horowitz, Paul and Hill, Winfield},
    publisher = {Cambridge University Press},
    url = {https://cds.cern.ch/record/2707267},
    address = {Cambridge}
}

@misc{CompleteECMGuide,
    title = {{The Complete Guide To Electret Condenser Microphones – My New Microphone}},
    author = {Fox, Arthur},
    url = {https://mynewmicrophone.com/the-complete-guide-to-electret-condenser-microphones/},
    keywords = {ECM, Electret}
}

@techreport{MCP601Data,
    title = {{[1] “MCP601/1R/2/3/4 Features,” 2007.MCP601/1R/2/3/4 Features}},
    year = {2007},
    author = {{Microchip Technology Incorporate}},
    url = {http://ww1.microchip.com/downloads/en/DeviceDoc/21314g.pdf}
}